
@book{solidphysics2014huang,
  author = {黄昆},
  editor = {},
  publisher = {北京大学出版社},
  title = {固体物理学：第2版},
  year = {2014},
  location = {北京},
}

@book{selectedvalues2018john,
  author = {John W. Arblaster},
  publisher = {ASM International},
  title = {Selected Values of the Crystallographic Properties of the Elements},
  year = {2018},
  location = {Materials Park, OH, USA}
}
